@BOOK{woolridge:mas,
	AUTHOR = "Michael Woolridge",
	TITLE = "An Introduction to Multi-Agent Systems",
	PAGES = {314-315},
	YEAR = {2009}	}

@ARTICLE{zlotkin:iidman,
	AUTHOR = "Gilad Zlotkin and Jeffrey Rosenschein",
	TITLE = "Incomplete Information and Deception in Multi-Agent Negotiation",
	PAGES = {314-315}
}